@article{Wedelin95,
	author = {Wedelin, Dag},
	title = {An algorithm for large scale 0–1 integer programming with application to airline crew scheduling},
	year = {1995},
	journal = {Annals of Operations Research},
	volume = {57},
	number = {1},
	pages = {283-301},
	doi = {10.1007/BF02099703},
	issn = {0254-5330}
}

@unpublished{Wedelin13,
	author = {Wedelin, Dag},
	title = {Revisiting the in-the-middle algorithm and heuristic for integer programming and the max-sum problem},
	year = {2013}
}

@incollection{Wedelin08,
	author = {Grohe, Birgit and Wedelin, Dag},
	title = {Cost Propagation — Numerical Propagation for Optimization Problems},
	year = {2008},
	booktitle = {Integration of AI and OR Techniques in Constraint Programming for Combinatorial Optimization Problems},
	series = {Lecture Notes in Computer Science},
	volume = {5015},
	pages = {97-111},
	editor = {Perron, Laurent and Trick, Michael A.},
	isbn = {978-3-540-68154-0},
	doi = {10.1007/978-3-540-68155-7_10},
	publisher = {Springer Berlin},
	location = {Heidelberg}
}

@article{Werner07,
	author = {Werner, Tomáš},
	title = {A Linear Programming Approach to Max-Sum Problem: A Review},
	year = {2007},
	month = {Jul},
	journal = {IEEE Transactions on Pattern Analysis and Machine Intelligence},
	volume = {29},
	number = {7},
	pages = {1165-1179},
	doi = {10.1109/TPAMI.2007.1036}
}

@inproceedings{Cooper08,
	author = {Cooper, M. and de Givry, S. and Sanchez, M. and Schiex, T. and Zytnicki, M.},
	title = {Virtual Arc Consistency for Weighted {CSP}},
	year = {2008},
	booktitle = {Proceedings of the 23rd National Conference on Artificial Intelligence},
	volume = {1},
	series = {AAAI'08},
	isbn = {978-1-57735-368-3},
	pages = {253-258},
	publisher = {AAAI Press},
	location = {Chicago, Illinois}
}

@inproceedings{deGivry06,
	author = {de Givry, Simon and Schiex, Thomas and Verfaillie, Gerard},
	title = {Exploiting Tree Decomposition and Soft Local Consistency in Weighted CSP},
	year = {2006},
	booktitle = {Proceedings of the 21st National Conference on Artificial Intelligence},
	volume = {1},
	series = {AAAI'06},
	isbn = {978-1-57735-281-5},
	pages = {22-27},
	publisher = {AAAI Press},
	location = {Boston, Massachusetts}
} 

@article{Allouche13,
	author = {David Allouche and Jessica Davies and de Givry, Simon and George Katsirelos and Thomas Schiex and Isabelle André and Sophie Barbe and Seydou Traoré and Steve Prestwich and Barry O'Sullivan},
	title = {Computational Protein Design as an Optimization Problem},
	date = {2013-08-29},
	pubstate = {submitted},
	publisher = {Elsevier},
	location = {Amsterdam}
}

@article{Wainwright05, 
	author = {Wainwright, M.J. and Jaakkola, T.S. and Willsky, A.S.}, 
	journal = {IEEE Transactions on Information Theory}, 
	title = {MAP estimation via agreement on trees: message-passing and linear programming}, 
	year = {2005}, 
	month = {Nov}, 
	volume = {51}, 
	number = {11}, 
	pages = {3697-3717},
	doi = {10.1109/TIT.2005.856938}, 
	issn = {0018-9448},
}

@inproceedings{Wang13,
	author = {Wang, Huayan and Koller, Daphne},
	title = {Subproblem-Tree Calibration: A Unified Approach to Max-Product Message Passing},
	year = {2013},
	booktitle = {Proceedings of the 30th International Conference on Machine Learning},
	volume = {28},
	series = {JMLR: W\&CP},
	pages = {190-198},
	publisher = {JMLR},
	location = {Atlanta}
}

@book{Zivny12,
	author = {Stanislav Živný},
	title = {The Complexity of Valued Constraint Satisfaction Problems},
	year = {2012},
	publisher = {Springer Berlin},
	location = {Heidelberg},
	isbn = {978-3-642-33974-5},
	doi = {10.1007/978-3-642-33974-5}
}

@article{Brailsford99,
	author = {Sally C. Brailsford and Chris N. Potts and Barbara M. Smith},
	journal = {European Journal of Operational Research},
	title = {Constraint satisfaction problems: Algorithms and applications},
	year = {1999},
	month = {Dec},
	volume = {119},
	number = {3},
	pages = {557-581},
	doi = {10.1016/S0377-2217(98)00364-6},
	issn = {0377-2217}
}

@article{Mackworth93,
	author = {Alan K. Mackworth and Eugene C. Freuder},
	journal = {Artificial Intelligence},
	title = {The complexity of constraint satisfaction revisited},
	year = {1993},
	month = {Feb},
	volume = {59},
	number = {1-2},
	pages = {57-62},
	doi = {10.1016/0004-3702(93)90170-G},
	issn = {0004-3702}
}

@article{Buscemi08,
	author = {Maria Grazia Buscemi and Ugo Montanari},
	journal = {Computer Science Review},
	title = {A survey of constraint-based programming paradigms},
	year = {2008},
	month = {Dec},
	volume = {2},
	number = {3},
	pages = {137-141},
	doi = {10.1016/j.cosrev.2008.10.001},
	issn = {1574-0137}
}

